/Users/myrlund/Dropbox/Documents/papers/library.bib