
@online{W3CHTML5_intro,
    author = {W3C},
    title = {HTML5, A vocabulary and associated APIs for HTML and XHTML, Introduction},
    year = {2014},
    urldate = {2014-04-29},
    url = {http://www.w3.org/TR/html5/introduction.html}
}

@book{Berry1997,
  title={Data mining techniques: for marketing, sales, and customer relationship management},
  author={Berry, Michael J and Linoff, Gordon S},
  year={1997},
  publisher={John Wiley \& Sons}
}

@book{Dijkstra1982,
  title={Selected writings on computing: a personal perspective},
  author={Dijkstra, Edsger W},
  year={1982},
  publisher={Springer-Verlag New York, Inc.}
}

@article{Brajnik1994,
    title = "A shell for developing non-monotonic user modeling systems ",
    journal = "International Journal of Human-Computer Studies ",
    volume = "40",
    number = "1",
    pages = "31 - 62",
    year = "1994",
    note = "",
    issn = "1071-5819",
    doi = "http://dx.doi.org/10.1006/ijhc.1994.1003",
    url = "http://www.sciencedirect.com/science/article/pii/S1071581984710032",
    author = "Giorgio Brajnik and Carlo Tasso"
}

@article{Brusilovsky1996
    year={1996},
    issn={0924-1868},
    journal={User Modeling and User-Adapted Interaction},
    volume={6},
    number={2-3},
    doi={10.1007/BF00143964},
    title={Methods and techniques of adaptive hypermedia},
    url={http://dx.doi.org/10.1007/BF00143964},
    publisher={Kluwer Academic Publishers},
    keywords={Adaptive hypermedia; navigation support; collaborative user modeling; adaptive text presentation; intelligent tutoring systems; student models},
    author={Brusilovsky, Peter},
    pages={87-129},
    language={English}
}
